@inproceedings{DBLP:journals/jmlr/GlorotBB11,
  author    = {Xavier Glorot and
               Antoine Bordes and
               Yoshua Bengio},
  editor    = {Geoffrey J. Gordon and
               David B. Dunson and
               Miroslav Dud{\'{\i}}k},
  title     = {Deep Sparse Rectifier Neural Networks},
  booktitle = {Proceedings of the Fourteenth International Conference on Artificial
               Intelligence and Statistics, {AISTATS} 2011, Fort Lauderdale, USA,
               April 11-13, 2011},
  series    = {{JMLR} Proceedings},
  volume    = {15},
  pages     = {315--323},
  publisher = {JMLR.org},
  year      = {2011}
}

@article{DBLP:journals/tnn/LawrenceGTB97,
  author    = {Steve Lawrence and
               C. Lee Giles and
               Ah Chung Tsoi and
               Andrew D. Back},
  title     = {Face recognition: a convolutional neural-network approach},
  journal   = {{IEEE} Trans. Neural Networks},
  volume    = {8},
  number    = {1},
  pages     = {98--113},
  year      = {1997},
}

@article{DBLP:journals/dt/SaxenaFHMYM00,
  author    = {Nirmal R. Saxena and
               Santiago Fern{\'{a}}ndez{-}Gomez and
               Wei{-}Je Huang and
               Subhasish Mitra and
               Shu{-}Yi Yu and
               Edward J. McCluskey},
  title     = {Dependable Computing and Online Testing in Adaptive and Configurable
               Systems},
  journal   = {{IEEE} Des. Test Comput.},
  volume    = {17},
  number    = {1},
  pages     = {29--41},
  year      = {2000},
}

@article{jinfu_tse2020,
  title={PerfJIT: Test-level Just-in-time Prediction for Performance Regression Introducing Commits},
  author={Jinfu Chen and Weiyi Shang and Emad Shihab},
  journal={IEEE Transactions on Software Engineering (TSE)},
  year={2020}, 
  pages={To Appear}, 
  publisher={IEEE}
}

@inproceedings{wu2010performance,
  title={Performance testing and optimization of J2EE-based web applications},
  author={Wu, Qinglin and Wang, Yan},
  booktitle={2010 Second International Workshop on Education Technology and Computer Science},
  volume={2},
  pages={681--683},
  year={2010},
  organization={IEEE}
}

@article{DBLP:journals/ese/HalinNADPB19,
  author    = {Axel Halin and
               Alexandre Nuttinck and
               Mathieu Acher and
               Xavier Devroey and
               Gilles Perrouin and
               Benoit Baudry},
  title     = {Test them all, is it worth it? Assessing configuration sampling on
               the JHipster Web development stack},
  journal   = {Empir. Softw. Eng.},
  volume    = {24},
  number    = {2},
  pages     = {674--717},
  year      = {2019}
}

@inproceedings{DBLP:conf/icse/FooJAHZF15,
  title={An industrial case study on the automated detection of performance regressions in heterogeneous environments},
  author={Foo, King Chun and Jiang, Zhen Ming and Adams, Bram and Hassan, Ahmed E and Zou, Ying and Flora, Parminder},
  booktitle={2015 IEEE/ACM 37th IEEE International Conference on Software Engineering},
  volume={2},
  pages={159--168},
  year={2015},
  organization={IEEE}
}

@inproceedings{malik2010automatic,
	title={Automatic comparison of load tests to support the performance analysis of large enterprise systems},
	author={Malik, Haroon and Jiang, Zhen Ming and Adams, Bram and Hassan, Ahmed E and Flora, Parminder and Hamann, Gilbert},
	booktitle={Software Maintenance and Reengineering (CSMR), 2010 14th European Conference on},
	pages={222--231},
	year={2010},
	organization={IEEE}
}

@inproceedings{Xiong:2013:VAM,
	author = {Xiong, Pengcheng and Pu, Calton and Zhu, Xiaoyun and Griffith, Rean},
	title = {vPerfGuard: An Automated Model-driven Framework for Application Performance Diagnosis in Consolidated Cloud Environments},
	booktitle = {Proceedings of the 4th ACM/SPEC International Conference on Performance Engineering},
	series = {ICPE '13},
	year = {2013},
	isbn = {978-1-4503-1636-1},
	location = {Prague, Czech Republic},
	pages = {271--282},
	numpages = {12},
	
	doi = {10.1145/2479871.2479909},
	acmid = {2479909},
	publisher = {ACM},
	address = {New York, NY, USA},
	keywords = {automated framework, cloud computing, model-driven, performance analysis, performance diagnosis, statistical methods},
} 
@inproceedings{cohen2004correlating,
	title={Correlating Instrumentation Data to System States: A Building Block for Automated Diagnosis and Control.},
	author={Cohen, Ira and Chase, Jeffrey S and Goldszmidt, Moises and Kelly, Terence and Symons, Julie},
	booktitle={OSDI},
	volume={4},
	pages={16--16},
	year={2004}
}
@inproceedings{Cohen:2005:CIC,
	author = {Cohen, Ira and Zhang, Steve and Goldszmidt, Moises and Symons, Julie and Kelly, Terence and Fox, Armando},
	title = {Capturing, Indexing, Clustering, and Retrieving System History},
	booktitle = {Proceedings of the Twentieth ACM Symposium on Operating Systems Principles},
	series = {SOSP '05},
	year = {2005},
	isbn = {1-59593-079-5},
	location = {Brighton, United Kingdom},
	pages = {105--118},
	numpages = {14},
	
	doi = {10.1145/1095810.1095821},
	acmid = {1095821},
	publisher = {ACM},
	address = {New York, NY, USA},
	keywords = {bayesian networks, clustering, information retrieval, performance objectives, signatures},
}

@inproceedings{bodik2008hilighter,
	title={HiLighter: Automatically Building Robust Signatures of Performance Behavior for Small-and Large-Scale Systems.},
	author={Bod{\'\i}k, Peter and Goldszmidt, Moises and Fox, Armando},
	booktitle={SysML},
	year={2008}
}
@inproceedings{foo2010mining,
	title={Mining performance regression testing repositories for automated performance analysis},
	author={Foo, King Chun and Jiang, Zhen Ming and Adams, Bram and Hassan, Ahmed E and Zou, Ying and Flora, Parminder},
	booktitle={Quality Software (QSIC), 2010 10th International Conference on},
	pages={32--41},
	year={2010},
	organization={IEEE}
}


@inproceedings{Nguyen:2012:ADP,
	author = {Nguyen, Thanh H.D. and Adams, Bram and Jiang, Zhen Ming and Hassan, Ahmed E. and Nasser, Mohamed and Flora, Parminder},
	title = {Automated Detection of Performance Regressions Using Statistical Process Control Techniques},
	booktitle = {Proceedings of the 3rd ACM/SPEC International Conference on Performance Engineering},
	series = {ICPE '12},
	year = {2012},
	isbn = {978-1-4503-1202-8},
	location = {Boston, Massachusetts, USA},
	pages = {299--310},
	numpages = {12},

	acmid = {2188344},
	publisher = {ACM},
	address = {New York, NY, USA},
	keywords = {load testing, performance engineering, statistical control technique},
}

@INPROCEEDINGS{nguyen2011automated, 
	author={T. H. D. Nguyen and B. Adams and Z. M. Jiang and A. E. Hassan and M. Nasser and P. Flora}, 
	booktitle={2011 18th Asia-Pacific Software Engineering Conference}, 
	title={Automated Verification of Load Tests Using Control Charts}, 
	year={2011}, 
	pages={282-289}, 
	keywords={control charts;program testing;program verification;software quality;automated load tests verification;commercial telecommunication software;control charts;load testing;open source software system;performance engineers;software companies;software development process;statistical quality control technique;system under test;testing schedule;Control charts;Radiation detectors;Servers;Software;Telecommunications;Testing;Time factors;Load Testing;Mining software repository;Performance Testing}, 
	doi={10.1109/APSEC.2011.59}, 
	ISSN={1530-1362}, 
	month={Dec},
	}
	
@inproceedings{Nguyen:2014:ICS,
	author = {Nguyen, Thanh H. D. and Nagappan, Meiyappan and Hassan, Ahmed E. and Nasser, Mohamed and Flora, Parminder},
	title = {An Industrial Case Study of Automatically Identifying Performance Regression-causes},
	booktitle = {Proceedings of the 11th Working Conference on Mining Software Repositories},
	series = {MSR 2014},
	year = {2014},
	isbn = {978-1-4503-2863-0},
	location = {Hyderabad, India},
	pages = {232--241},
	numpages = {10},
	
	doi = {10.1145/2597073.2597092},
	acmid = {2597092},
	publisher = {ACM},
	address = {New York, NY, USA},
	keywords = {Control charts, load testing, performance regression, performance testing},
} 

@inproceedings{ICSE2014:Huang,
	author = {Huang, Peng and Ma, Xiao and Shen, Dongcai and Zhou, Yuanyuan},
	title = {Performance Regression Testing Target Prioritization via Performance Risk Analysis},
	booktitle = {Proceedings of the 36th International Conference on Software Engineering},
	series = {ICSE 2014},
	year = {2014},
	isbn = {978-1-4503-2756-5},
	location = {Hyderabad, India},
	pages = {60--71},
	numpages = {12},
	
	acmid = {2568232},
	publisher = {ACM},
	address = {New York, NY, USA},
	keywords = {Performance regression, cost modeling, performance risk analysis},
} 

@inproceedings{Leitner2017ICPE,
	author = {Leitner, Philipp and Bezemer, Cor-Paul},
	title = {An Exploratory Study of the State of Practice of Performance Testing in Java-Based Open Source Projects},
	booktitle = {Proceedings of the 8th ACM/SPEC on International Conference on Performance Engineering},
	series = {ICPE '17},
	year = {2017},
	isbn = {978-1-4503-4404-3},
	location = {L'Aquila, Italy},
	pages = {373--384},
	numpages = {12},
	acmid = {3030213},
	publisher = {ACM},
	address = {New York, NY, USA},
	keywords = {empirical software engineering, mining software repositories, open source, performance engineering, performance testing},
} 

@inproceedings{DBLP:conf/kbse/HanYL18,
  author    = {Xue Han and
               Tingting Yu and
               David Lo},
  title     = {PerfLearner: learning from bug reports to understand and generate
               performance test frames},
  booktitle = {Proceedings of the 33rd {ACM/IEEE} International Conference on Automated
               Software Engineering, {ASE} 2018, Montpellier, France, September 3-7,
               2018},
  pages     = {17--28},
  year      = {2018},
  timestamp = {Wed, 21 Nov 2018 12:44:20 +0100},
  bibsource = {dblp computer science bibliography, https://dblp.org}
}

@inproceedings{MSR11:Zaman,
	title={Security versus performance bugs: a case study on firefox},
	author={Zaman, Shahed and Adams, Bram and Hassan, Ahmed E},
	booktitle={Proceedings of the 8th working conference on mining software repositories},
	pages={93--102},
	year={2011},
	organization={ACM}
}
@inproceedings{MSR12:Zaman,
	author = {Zaman, Shahed and Adams, Bram and Hassan},
	title = {A Qualitative Study on Performance Bugs},
	booktitle = {Proceedings of the 9th IEEE Working Conference on Mining Software Repositories},
	series = {MSR '12},
	year = {2012},
	isbn = {978-1-4673-1761-0},
	location = {Zurich, Switzerland},
	pages = {199--208},
	numpages = {10},
	acmid = {2664477},
	publisher = {IEEE Press},
	address = {Piscataway, NJ, USA},
	keywords = {Mozilla Firefox, chromium, performance bugs, qualitative study},
} 

@inproceedings{Jin:2012,
	author = {Jin, Guoliang and Song, Linhai and Shi, Xiaoming and Scherpelz, Joel and Lu, Shan},
	title = {Understanding and Detecting Real-world Performance Bugs},
	booktitle = {Proceedings of the 33rd ACM SIGPLAN Conference on Programming Language Design and Implementation},
	series = {PLDI '12},
	year = {2012},
	isbn = {978-1-4503-1205-9},
	location = {Beijing, China},
	pages = {77--88},
	numpages = {12},
	
	doi = {10.1145/2254064.2254075},
	acmid = {2254075},
	publisher = {ACM},
	address = {New York, NY, USA},
	keywords = {characteristics study, performance bugs, rule-based bug detection},
} 

@inproceedings{DBLP:conf/icsm/AlghmadiSSH16,
  author    = {Hammam M. Alghmadi and
               Mark D. Syer and
               Weiyi Shang and
               Ahmed E. Hassan},
  title     = {An Automated Approach for Recommending When to Stop Performance Tests},
  booktitle = {2016 {IEEE} International Conference on Software Maintenance and Evolution,
               {ICSME} 2016, Raleigh, NC, USA, October 2-7, 2016},
  pages     = {279--289},
  publisher = {{IEEE} Computer Society},
  year      = {2016},
}

@ARTICLE{Koru2009tse, 
	author={A. G. Koru and D. Zhang and K. El Emam and H. Liu}, 
	journal={IEEE Transactions on Software Engineering}, 
	title={An Investigation into the Functional Form of the Size-Defect Relationship for Software Modules}, 
	year={2009}, 
	volume={35}, 
	number={2}, 
	pages={293-304}, 
	keywords={object-oriented methods;project management;software management;software metrics;software quality;Cn3d;Eclipse;JBoss;Mozilla;object-oriented products;product metrics;quality assurance activities;size-defect relationship;software modules;software projects;Open-source software;Planning for SQA and Measurement applied to SQA and Software Quality/SQA;Product metrics;Software Engineering;Software science;Software/Software Engin}, 
	doi={10.1109/TSE.2008.90}, 
	ISSN={0098-5589}, 
	month={March},
}

@inproceedings{Nagappan:2005:URC,
	author = {Nagappan, Nachiappan and Ball, Thomas},
	title = {Use of Relative Code Churn Measures to Predict System Defect Density},
	booktitle = {Proceedings of the 27th International Conference on Software Engineering},
	series = {ICSE '05},
	year = {2005},
	isbn = {1-58113-963-2},
	location = {St. Louis, MO, USA},
	pages = {284--292},
	numpages = {9},
	acmid = {1062514},
	publisher = {ACM},
	address = {New York, NY, USA},
} 

@inproceedings{Hassan:2009:PFU,
	author = {Hassan, Ahmed E.},
	title = {Predicting Faults Using the Complexity of Code Changes},
	booktitle = {Proceedings of the 31st International Conference on Software Engineering},
	series = {ICSE '09},
	year = {2009},
	isbn = {978-1-4244-3453-4},
	pages = {78--88},
	numpages = {11},
	acmid = {1555024},
	publisher = {IEEE Computer Society},
	address = {Washington, DC, USA},
} 

@INPROCEEDINGS{Zimmermann:2007:PDE, 
	author={T. Zimmermann and R. Premraj and A. Zeller}, 
	booktitle={Predictor Models in Software Engineering, 2007. PROMISE'07: ICSE Workshops 2007. International Workshop on}, 
	title={Predicting Defects for Eclipse}, 
	year={2007}, 
	pages={9-9}, 
	month={May},
}

@inproceedings{Nagappan:2006:MMP,
	author = {Nagappan, Nachiappan and Ball, Thomas and Zeller, Andreas},
	title = {Mining Metrics to Predict Component Failures},
	booktitle = {Proceedings of the 28th International Conference on Software Engineering},
	series = {ICSE '06},
	year = {2006},
	isbn = {1-59593-375-1},
	location = {Shanghai, China},
	pages = {452--461},
	numpages = {10},
	acmid = {1134349},
	publisher = {ACM},
	address = {New York, NY, USA},
	keywords = {bug database, complexity metrics, empirical study, principal component analysis, regression model},
} 

@article{mockus2000predicting,
	title={Predicting risk of software changes},
	author={Mockus, Audris and Weiss, David M},
	journal={Bell Labs Technical Journal},
	volume={5},
	number={2},
	pages={169--180},
	year={2000},
	publisher={Alcatel-Lucent}
}


@incollection{benesty2009pearson,
	title={Pearson correlation coefficient},
	author={Benesty, Jacob and Chen, Jingdong and Huang, Yiteng and Cohen, Israel},
	booktitle={Noise reduction in speech processing},
	pages={1--4},
	year={2009},
	publisher={Springer}
}

@article{ES2006:Becker,
	title={Effect size (ES)},
	author={Becker, Lee A},
	journal={Accessed on October},
	volume={12},
	number={2006},
	pages={155--159},
	year={2000}
}

@article{ICSE2002:Kitchenham,
	title={Preliminary guidelines for empirical research in software engineering},
	author={Kitchenham, Barbara A and Pfleeger, Shari Lawrence and Pickard, Lesley M and Jones, Peter W and Hoaglin, David C. and El Emam, Khaled and Rosenberg, Jarrett},
	journal={IEEE Transactions on software engineering},
	volume={28},
	number={8},
	pages={721--734},
	year={2002},
	publisher={IEEE}
}

@article{nachar2008mann,
	title={The Mann-Whitney U: A test for assessing whether two independent samples come from the same distribution},
	author={Nachar, Nadim and others},
	journal={Tutorials in Quantitative Methods for Psychology},
	volume={4},
	number={1},
	pages={13--20},
	year={2008}
}

@InProceedings{DBLP:conf/wosp/YaoPSSTS18,
  author    = {Kundi Yao and Guilherme B. de P{\'{a}}dua and Weiyi Shang and Steve Sporea and Andrei Toma and Sarah Sajedi},
  title     = {Log4Perf: Suggesting Logging Locations for Web-based Systems' Performance Monitoring},
  booktitle = {Proceedings of the 2018 {ACM/SPEC} International Conference on Performance Engineering, {ICPE} 2018, Berlin, Germany, April 09-13, 2018},
  year      = {2018},
  editor    = {Katinka Wolter and William J. Knottenbelt and Andr{\'{e}} van Hoorn and Manoj Nambiar},
  publisher = {{ACM}},
  pages     = {127--138},
  doi       = {10.1145/3184407.3184416},
  bibsource = {dblp computer science bibliography, https://dblp.org},
  biburl    = {https://dblp.org/rec/bib/conf/wosp/YaoPSSTS18},
}

@inproceedings{DBLP:conf/icsm/ChenS17,
	Author = {Jinfu Chen and Weiyi Shang},
	Bibsource = {dblp computer science bibliography, https://dblp.org},
	Biburl = {https://dblp.org/rec/bib/conf/icsm/ChenS17},
	Booktitle = {2017 {IEEE} International Conference on Software Maintenance and Evolution, {ICSME} 2017, Shanghai, China, September 17-22, 2017},
	Doi = {10.1109/ICSME.2017.13},
	Pages = {341--352},
	Timestamp = {Fri, 01 Dec 2017 22:44:10 +0100},
	Title = {An Exploratory Study of Performance Regression Introducing Code Changes},
	Year = {2017},
}

@inproceedings{Laaber2018MSR,
	author = {Laaber, Christoph and Leitner, Philipp},
	title = {An Evaluation of Open-source Software Microbenchmark Suites for Continuous Performance Assessment},
	booktitle = {Proceedings of the 15th International Conference on Mining Software Repositories},
	series = {MSR '18},
	year = {2018},
	isbn = {978-1-4503-5716-6},
	location = {Gothenburg, Sweden},
	pages = {119--130},
	numpages = {12},
	doi = {10.1145/3196398.3196407},
	acmid = {3196407},
	publisher = {ACM},
	address = {New York, NY, USA},
	keywords = {Go, Java, continuous integration, empirical study, microbenchmarking, software performance testing},
} 

@article{Leitner2016TIT,
	author = {Leitner, Philipp and Cito, J\"{u}rgen},
	title = {Patterns in the Chaos\&Mdash;A Study of Performance Variation and Predictability in Public IaaS Clouds},
	journal = {ACM Trans. Internet Technol.},
	issue_date = {August 2016},
	volume = {16},
	number = {3},
	month = apr,
	year = {2016},
	issn = {1533-5399},
	pages = {15:1--15:23},
	articleno = {15},
	numpages = {23},
	doi = {10.1145/2885497},
	acmid = {2885497},
	publisher = {ACM},
	address = {New York, NY, USA},
	keywords = {Infrastructure-as-a-service, benchmarking, public cloud},
} 

@article{DBLP:journals/ese/LaaberSL19,
  author    = {Christoph Laaber and
               Joel Scheuner and
               Philipp Leitner},
  title     = {Software microbenchmarking in the cloud. How bad is it really?},
  journal   = {Empirical Software Engineering},
  volume    = {24},
  number    = {4},
  pages     = {2469--2508},
  year      = {2019},
  timestamp = {Thu, 08 Aug 2019 11:07:14 +0200},
}

@inproceedings{peterfse,
	author = {Chen, Tse-Hsun and Shang, Weiyi and Hassan, Ahmed E. and Nasser, Mohamed and Flora, Parminder},
	title = {CacheOptimizer: Helping Developers Configure Caching Frameworks for Hibernate-based Database-centric Web Applications},
	booktitle = {Proceedings of the 2016 24th ACM SIGSOFT International Symposium on Foundations of Software Engineering},
	series = {FSE 2016},
	year = {2016},
	location = {Seattle, WA, USA},
	pages = {666--677},
	numpages = {12},
	acmid = {2950303},
	publisher = {ACM},
	address = {New York, NY, USA},
	keywords = {ORM, Performance, application-level cache, web application},
} 

@article{DBLP:journals/software/TillmannS06,
	Author = {Nikolai Tillmann and Wolfram Schulte},
	Bibsource = {dblp computer science bibliography, https://dblp.org},
	Journal = {{IEEE} Software},
	Number = {4},
	Pages = {38--47},
	Title = {Unit Tests Reloaded: Parameterized Unit Testing with Symbolic Execution},
	Volume = {23},
	Year = {2006},
}

@inproceedings{Chen:2014:DPA,
	author = {Chen, Tse-Hsun and Shang, Weiyi and Jiang, Zhen Ming and Hassan, Ahmed E. and Nasser, Mohamed and Flora, Parminder},
	title = {Detecting Performance Anti-patterns for Applications Developed Using Object-relational Mapping},
	booktitle = {Proceedings of the 36th International Conference on Software Engineering},
	series = {ICSE 2014},
	year = {2014},
	isbn = {978-1-4503-2756-5},
	location = {Hyderabad, India},
	pages = {1001--1012},
	numpages = {12},
	acmid = {2568259},
	publisher = {ACM},
	address = {New York, NY, USA},
	keywords = {Dynamic Analysis, Performance, Performance Anti-pattern, Performance Evaluation, Static Analysis},
}

@inproceedings{markase,
	author="Syer, Mark D.
	and Shang, Weiyi
	and Jiang, Zhen Ming
	and Hassan, Ahmed E.",
	title="Continuous validation of performance test workloads",
	journal="Automated Software Engineering",
	year="2017",
	volume="24",
	number="1",
	pages="189--231",
	issn="1573-7535",
}

@book{hadoop2012:White,
	author = {White, Tom},
	title = {Hadoop: The Definitive Guide},
	year = {2009},
	isbn = {0596521979, 9780596521974},
	edition = {1st},
	publisher = {O'Reilly Media, Inc.},
} 

@inproceedings{RN3527,
   author = {Gray, Jim},
   title = {Why do computers stop and what can be done about it?},
   booktitle = {Symposium on reliability in distributed software and database systems},
   publisher = {Los Angeles, CA, USA},
   pages = {3-12},
   type = {Conference Proceedings}
}

@inproceedings{RN3087,
   author = {Braberman, Victor and D'Ippolito, Nicolas and Kramer, Jeff and Sykes, Daniel and Uchitel, Sebastian},
   title = {MORPH: A reference architecture for configuration and behaviour self-adaptation},
   booktitle = {1st International Workshop on Control Theory for Software Engineering, CTSE 2015, August 31, 2015},
   series = {1st International Workshop on Control Theory for Software Engineering, CTSE 2015 - Proceedings},
   publisher = {Association for Computing Machinery, Inc},
   pages = {9-16},
   DOI = {10.1145/2804337.2804339},
   url = {http://dx.doi.org/10.1145/2804337.2804339
http://delivery.acm.org/10.1145/2810000/2804339/p9-braberman.pdf?ip=132.207.4.76\&id=2804339\&acc=ACTIVE\%20SERVICE\&key=FD0067F557510FFB\%2EC32CC723E17B05B2\%2E4D4702B0C3E38B35\%2E4D4702B0C3E38B35\&CFID=989410558\&CFTOKEN=72442072\&\_\_acm\_\_=1506472658\_1637d7fe153a6376cdd8bc3d510efabe},
   type = {Conference Proceedings}
}

@inproceedings{RN2768,
   author = {Dong, Zhen and Andrzejak, Artur and Lo, David and Costa, Diego},
   title = {ORPLocator: Identifying Read Points of Configuration Options via Static Analysis},
   booktitle = {Proceedings of the 27th International Symposium on Software Reliability Engineering},
   pages = {185--195},
   year= {2016},
}

@inproceedings{RN2715,
   author = {Fouche, Sandro and Cohen, Myra B. and Porter, Adam},
   title = {Incremental covering array failure characterization in large configuration spaces},
   booktitle = {Proceedings of the 18th International Symposium on Software Testing and Analysis, ISSTA 2009},
   pages = {177--187},
}

@inproceedings{RN2951,
   author = {Huang, Sheng and Lu, Yi Qi and Xiao, Yanghua and Wang, Wei},
   title = {Mining application repository to recommend XML configuration snippets},
   booktitle = {Proceedings of the 34th International Conference on Software Engineering, ICSE'12},
   pages = {1451--1452},
}

@inproceedings{RN3072,
   author = {Meinicke, J. and Chu-Pan, Wong and Kastner, C. and Thum, T. and Saake, G.},
   title = {On Essential Configuration Complexity: Measuring Interactions in Highly-Configurable Systems},
   booktitle = {Proceedings of the 31st International Conference on Automated Software Engineering (ASE'16)},
   pages = {483--494},
	 year ={2016},
}

@inproceedings{RN2862,
   author = {Nguyen, Thanh Vu and Koc, Ugur and Cheng, Javran and Foster, Jeffrey S. and Porter, Adam A.},
   title = {IGen: Dynamic Interaction Inference for Configurable Software},
   booktitle = {Proceedings of the 24th International Symposium on Foundations of Software Engineering (FSE'16)},
   pages = {655--665},
	 year ={2016},
}

@inproceedings{RN2821,
   author = {Pinheiro, C. and Garousi, V. and Maurer, F. and Sillito, J.},
   title = {Introducing Automated Environment Configuration Testing in an Industrial Setting},
   booktitle = {Proceedings of the 22nd International Conference on Software Engineering \& Knowledge Engineerin},
   pages = {186--191},
   year ={2010},
}

@inproceedings{RN2958,
   author = {Qu, Xiao and Acharya, Mithun and Robinson, Brian},
   title = {Impact analysis of configuration changes for test case selection},
   booktitle = {Proceedings of the 22nd International Symposium on Software Reliability Engineering},
   pages = {140--149},
	 year ={2011},
}

@inproceedings{RN2849,
   author = {Sanchez, Luis Emiliano and Moisan, Sabine and Rigault, Jean-Paul},
   title = {Metrics on feature models to optimize configuration adaptation at run time},
   booktitle = {Proceedings of the 1st International Workshop on Combining Modelling and Search-Based Software Engineering},
   pages = {39--44},
	 year ={2013},
}

@inproceedings{RN2880,
   author = {Siegmund, Norbert and Grebhahn, Alexander and Apel, Sven and Kastner, Christian},
   title = {Performance-influence models for highly configurable systems},
   booktitle = {Proceedings of the 10th Joint Meeting of the European Software Engineering Conference and the ACM SIGSOFT Symposium on the Foundations of Software Engineering (ESEC/FSE'15)},
   pages = {284--294},
	 year ={2015},
}

@inproceedings{RN2914,
   author = {Song, Charles and Porter, Adam and Foster, Jeffrey S.},
   title = {iTree: Efficiently discovering high-coverage configurations using interaction trees},
   booktitle = {Proceedings of the 34th International Conference on Software Engineering (ICSE'12)},
   pages = {903--913},
	 year ={2012},
}

@inproceedings{RN3049,
   author = {Al-Hajjaji, M. and Kruger, J. and Benduhn, F. and Leich, T. and Saake, G.},
   title = {Efficient Mutation Testing in Configurable Systems},
   booktitle = {Proceedings of the 2nd International Workshop on Variability and Complexity in Software Design},
   pages = {2--8},
	 year ={2017},
}

@inproceedings{RN3084,
   author = {Bowen, Xu and Lo, D. and Xin, Xia and Sureka, A. and Shanping, Li},
   title = {EFSPredictor: Predicting Configuration Bugs with Ensemble Feature Selection},
   booktitle = {Proceedings of the Asia-Pacific Software Engineering Conference (APSEC)},
   pages = {206--213},
}

@inproceedings{RN2834,
   author = {Elsner, Christoph and Lohmann, Daniel and Schroder-Preikschat, Wolfgang},
   title = {Fixing configuration inconsistencies across file type boundaries},
   booktitle = {37th EUROMICRO Conference on Software Engineering and Advanced Applications, SEAA 2011, August 30, 2011 - September 2, 2011},
   series = {Proceedings - 37th EUROMICRO Conference on Software Engineering and Advanced Applications, SEAA 2011},
   publisher = {IEEE Computer Society},
   pages = {116-123},
   DOI = {10.1109/SEAA.2011.26},
   url = {http://dx.doi.org/10.1109/SEAA.2011.26
http://ieeexplore.ieee.org/document/6068333/},
   type = {Conference Proceedings}
}

@inproceedings{RN2788,
   author = {Hamidi, Saeideh and Andritsos, Periklis and Liaskos, Sotirios},
   title = {Constructing adaptive configuration dialogs using crowd data},
   booktitle = {Proceedings of the 29th International Conference on Automated Software Engineering},
   pages = {485--490},
	year={2014},
}

@inproceedings{RN2864,
   author = {Han, Xue and Yu, Tingting},
   title = {An Empirical Study on Performance Bugs for Highly Configurable Software Systems},
   booktitle = {Proceedings of the 10th International Symposium on Empirical Software Engineering and Measurement},
   series = {ESEM'16},
	 year={2016},
}

@article{RN2835,
   author = {Huning, Dai and Murphy, C. and Kaiser, G.},
   title = {CONFU: Configuration Fuzzing Testing Framework for Software Vulnerability Detection},
   journal = {International Journal of Secure Software Engineering},
   volume = {1},
   number = {3},
   pages = {41-55},
   year = {2010},
}

@inproceedings{RN3050,
   author = {Jha, A. K. and Sunghee, Lee and Woo Jin, Lee},
   title = {Developer Mistakes in Writing Android Manifests: An Empirical Study of Configuration Errors},
   booktitle = {Procedings of the 14th International Conference on Mining Software Repositories (MSR'17)},
   pages = {25--36},
   year = {2017},
}

@inproceedings{RN2773,
   author = {Pereira, J. A. and Krieter, S. and Meinicke, J. and Schroter, R. and Saake, G. and Leich, T.},
   title = {FeatureIDE: Scalable Product Configuration of Variable Systems},
   booktitle = {Proceedings of the 15th International Conference Software Reuse: Bridging with Social-Awareness },
   pages = {397--401},
   year = {2016},
}

@inproceedings{RN2734,
   author = {Qu, Xiao and Cohen, Myra B. and Rothermel, Gregg},
   title = {Configuration-aware regression testing: An empirical study of sampling and prioritization},
   booktitle = {Proceedings of the 2008 International Symposium on Software Testing and Analysis},
   pages = {75--85},
	year={2008},
}

@inproceedings{RN2870,
   author = {Schroter, Reimar and Krieter, Sebastian and Thum, Thomas and Benduhn, Fabian and Saake, Gunter},
   title = {Feature-model interfaces: The highway to compositional analyses of highly-configurable systems},
   booktitle = {Proceedings of the 38th IEEE International Conference on Software Engineering(ICSE'16)},
   pages = {667--678},
	year={2016},
}

@inproceedings{RN3074,
   author = {Wei, Chen and Heng, Wu and Jun, Wei and Hua, Zhong and Tao, Huang},
   title = {Determine configuration entry correlations for web application systems},
   booktitle = {Proceedings of the 40th Annual Computer Software and Applications Conference},
   pages = {42--52},
	 year={2016},
}

@inproceedings{RN3108,
   author = {Wei, Chen and Xiaoqiang, Qiao and Jun, Wei and Hua, Zhong and Xiang, Huang},
   title = {Detecting inter-component configuration errors in proactive: a relation-aware method},
   booktitle = {Proceedings of the 14th International Conference on Quality Software},
   pages = {184--199},
	 year={2014},
}

@inproceedings{RN3139,
   author = {Xiao, Qu and Acharya, M. and Robinson, B.},
   title = {Configuration selection using code change impact analysis for regression testing},
   booktitle = {Proceedings of the International Conference on Software Maintenance},
   pages = {129--138},
   year={2012},
}

@inproceedings{RN2766,
   author = {Zhou, Shulin and Liu, Xiaodong and Li, Shanshan and Dong, Wei and Liao, Xiangke and Xiong, Yun},
   title = {ConfMapper: Automated Variable Finding for Configuration Items in Source Code},
   booktitle = {Proceedings of the 2nd International Conference on Software Quality, Reliability and Security-Companion},
   pages = {228--235},
	 year={2016},
}

@inproceedings{RN3113,
   author = {Abbasi, E. K. and Acher, M. and Heymans, P. and Cleve, A.},
   title = {Reverse engineering web configurators},
   booktitle = {Proceedings of the Conference on Software Maintenance, Reengineering, and Reverse Engineering},
   series = {CSMR-WCRE'14},
   pages = {264--273},
   year = {2014},
}

@inproceedings{RN3124,
   author = {Arshad, F. A. and Krause, R. J. and Bagchi, S.},
   title = {Characterizing configuration problems in Java EE application servers: An empirical study with GlassFish and JBoss},
   booktitle = {Proceedings of the 24th International Symposium on Software Reliability Engineering},
   pages = {198--207},
	 year = {2013},
}

@inproceedings{RN3253,
   author = {Attariyan, Mona and Chow, Michael and Flinn, Jason},
   title = {X-ray: Automating Root-Cause Diagnosis of Performance Anomalies in Production Software},
   booktitle = {Proceedings of the 10th Usenix Symposium on Operating Systems Design and Implementation (OSDI)},
   pages = {307--320},
   year = {2012},
}

@inproceedings{RN3526,
   author = {Attariyan, Mona and Flinn, Jason},
   title = {Using Causality to Diagnose Configuration Bugs},
   booktitle = {USENIX Annual Technical Conference},
   pages = {281-286},
   type = {Conference Proceedings}
}

@inproceedings{RN3248,
   author = {Attariyan, Mona and Flinn, Jason},
   title = {Automating Configuration Troubleshooting with Dynamic Information Flow Analysis},
   booktitle = {Proceedings of the 9th Usenix Symposium on Operating Systems Design and Implementation (OSDI)},
   pages = {1--14},
   year = {2010},
}

@article{RN3525,
   author = {Attariyan, Mona and Flinn, Jason},
   title = {Automating configuration troubleshooting with ConfAid},
   journal = {USENIX; login},
   volume = {36},
   number = {1},
   pages = {27-36},
   year = {2011},
   type = {Journal Article}
}

@inproceedings{RN2950,
   author = {Boucher, Quentin and Abbasi, Ebrahim Khalil and Hubaux, Arnaud and Perrouin, Gilles and Acher, Mathieu and Heymans, Patrick},
   title = {Towards more reliable configurators: A re-engineering perspective},
   booktitle = {Proceedings of the 3rd International Workshop on Product Line Approaches in Software Engineering},
   year = {2012},
   pages = {29--32},
}

@article{RN3534,
   author = {Cohen, Myra B and Snyder, Joshua and Rothermel, Gregg},
   title = {Testing across configurations: implications for combinatorial testing},
   journal = {ACM SIGSOFT Software Engineering Notes},
   volume = {31},
   number = {6},
   pages = {1-9},
   ISSN = {0163-5948},
   year = {2006},
   type = {Journal Article}
}

@article{RN3540,
   author = {Denisov, Victor},
   title = {Overview of Java application configuration frameworks},
   journal = {International Journal of Open Information Technologies},
   volume = {1},
   number = {6},
   pages = {5--9},
   ISSN = {2307-8162},
   year = {2013},
   type = {Journal Article}
}

@inproceedings{RN2805,
   author = {Dong, Zhen and Andrzejak, Artur and Shao, Kun},
   title = {Practical and accurate pinpointing of configuration errors using static analysis},
   booktitle = {Proceedings of the 31st International Conference on Software Maintenance and Evolution},
   series = {ICSME'15},
	 year={2015},
   pages = {171--180},
}

@article{RN3538,
   author = {Duan, Songyun and Thummala, Vamsidhar and Babu, Shivnath},
   title = {Tuning database configuration parameters with iTuned},
   journal = {Proc. VLDB Endow.},
   volume = {2},
   number = {1},
   pages = {1246-1257},
   ISSN = {2150-8097},
   DOI = {10.14778/1687627.1687767},
   year = {2009},
   type = {Journal Article}
}

@inproceedings{RN2920,
   author = {Gao, Jerry and Guan, Jing and Ma, Alex and Tao, Chuanqi and Bai, Xiaoying and Kung, David C.},
   title = {Testing configurable component-based software - Configuration test modeling and complexity analysis},
   booktitle = {Proceedings of the 23rd International Conference on Software Engineering and Knowledge Engineering},
   pages = {495--502},
	 year={2011},
}

@inbook{RN3536,
   author = {Garvin, Brady J and Cohen, Myra B and Dwyer, Matthew B},
   title = {Failure avoidance in configurable systems through feature locality},
   booktitle = {Assurances for Self-Adaptive Systems},
   publisher = {Springer},
   pages = {266-296},
   year = {2013},
   type = {Book Section}
}

@inproceedings{RN2856,
   author = {Jamshidi, Pooyan and Velez, Miguel and Kastner, Christian and Siegmund, Norbert and Kawthekar, Prasad},
   title = {Transfer Learning for Improving Model Predictions in Highly Configurable Software},
   booktitle = {Proceedings of the 12th International Symposium on Software Engineering for Adaptive and Self-Managing Systems},
   series = {SEAMS'17},
   publisher = {Institute of Electrical and Electronics Engineers Inc.},
   pages = {31--41},
	year ={2017},
}

@article{RN3517,
   author = {Jiaqi, Zhang and Renganarayana, L. and Xiaolan, Zhang and Niyu, Ge and Bala, V. and Tianyin, Xu and Yuanyuan, Zhou},
   title = {EnCore: exploiting system environment and correlation information for misconfiguration detection},
   journal = {ACM SIGPLAN Notices},
   volume = {49},
   number = {4},
   pages = {687--700},
   year = {2014},
}

@inproceedings{RN2892,
   author = {Jin, Dongpu and Cohen, Myra B. and Qu, Xiao and Robinson, Brian},
   title = {Preffinder: Getting the right preference in configurable software systems},
   booktitle = {Proceedings of the 29th ACM/IEEE International Conference on Automated Software Engineering, ASE 2014},
   pages = {151--162},
}

@inproceedings{RN2897,
   author = {Jin, Dongpu and Qu, Xiao and Cohen, Myra B. and Robinson, Brian},
   title = {Configurations everywhere: Implications for testing and debugging in practice},
   booktitle = {Proceedings of the 36th International Conference on Software Engineering},
   series = {ICSE'14},
   pages = {215-224},
}

@inproceedings{RN3523,
   author = {Keller, L. and Upadhyaya, P. and Candea, G.},
   title = {ConfErr: a tool for assessing resilience to human configuration errors},
   publisher = {IEEE},
   pages = {157-66},
   type = {Conference Proceedings}
}

@inproceedings{RN2909,
   author = {Kim, Chang Hwan Peter and Marinov, Darko and Batory, Sarfraz Khurshid Don and Souto, Sabrina and Barros, Paulo and D'Amorim, Marcelo},
   title = {SPLat: Lightweight dynamic analysis for reducing combinatorics in testing configurable systems},
   booktitle = {Proceedings of the 9th Joint Meeting of the European Software Engineering Conference and the ACM SIGSOFT Symposium on the Foundations of Software Engineering, ESEC/FSE'13},
   pages = {257--267},
   year = {2013},
}

@inproceedings{RN2798,
   author = {Lillack, Max and Kastner, Christian and Bodden, Eric},
   title = {Tracking load-time configuration options},
   booktitle = {Proceedings of the 29th International Conference on Automated Software Engineering (ASE'14)},
   pages = {445--456},
	year = {2014},
}

@inproceedings{RN2857,
   author = {Marijan, Dusica and Liaaen, Marius and Gotlieb, Arnaud and Sen, Sagar and Ieva, Carlo},
   title = {TITAN: Test Suite Optimization for Highly Configurable Software},
   booktitle = {Proceedings of the 10th International Conference on Software Testing, Verification and Validation},
   pages = {524--531},
	 year = {2017},
}

@article{RN3521,
   author = {Osogami, T. and Itoko, T.},
   title = {Finding probably better system configurations quickly},
   journal = {Performance Evaluation Review},
   volume = {34},
   number = {1},
   pages = {264--75},
}

@inproceedings{RN2822,
   author = {Rabkin, Ariel and Katz, Randy},
   title = {Precomputing possible configuration error diagnoses},
   booktitle = {2011 26th IEEE/ACM International Conference on Automated Software Engineering, ASE 2011, November 6, 2011 - November 10, 2011},
   series = {2011 26th IEEE/ACM International Conference on Automated Software Engineering, ASE 2011, Proceedings},
   publisher = {IEEE Computer Society},
   pages = {193-202},
   DOI = {10.1109/ASE.2011.6100053},
   url = {http://dx.doi.org/10.1109/ASE.2011.6100053
http://ieeexplore.ieee.org/document/6100053/},
   type = {Conference Proceedings}
}

@inproceedings{RN2969,
   author = {Rabkin, Ariel and Katz, Randy},
   title = {Static extraction of program configuration options},
   booktitle = {Proceedings of the 33rd International Conference on Software Engineering, ICSE 2011},
   series = {ICSE'11},
   pages = {131--140},
}


@inproceedings{RN2924,
   author = {Reisner, Elnatan and Song, Charles and Ma, Kin-Keung and Foster, Jeffrey S. and Porter, Adam},
   title = {Using symbolic evaluation to understand behavior in configurable software systems},
   booktitle = {Proceedings of the 32nd International Conference on Software Engineering, ICSE 2010},
   volume = {1},
   pages = {445--454},
}

@inproceedings{RN2934,
   author = {Robinson, Brian and White, Lee},
   title = {Testing of user-configurable software systems using firewalls},
   booktitle = {19th International Symposium on Software Reliability Engineering, ISSRE 2008, November 10, 2008 - November 14, 2008},
   series = {Proceedings - International Symposium on Software Reliability Engineering, ISSRE},
   publisher = {IEEE Computer Society},
   pages = {177-186},
   ISBN = {10719458},
   DOI = {10.1109/ISSRE.2008.46},
   url = {http://dx.doi.org/10.1109/ISSRE.2008.46
http://ieeexplore.ieee.org/document/4700322/},
   type = {Conference Proceedings}
}

@inproceedings{RN3249,
   author = {Sayagh, Mohammed and Adams, Bram},
   title = {Multi-layer software configuration: Empirical study on wordpress},
   booktitle = {IEEE 15th International Working Conference on Source Code Analysis and Manipulation, SCAM 2015, September 27, 2015 - September 28, 2015},
   series = {2015 IEEE 15th International Working Conference on Source Code Analysis and Manipulation, SCAM 2015 - Proceedings},
   publisher = {Institute of Electrical and Electronics Engineers Inc.},
   pages = {31-40},
   DOI = {10.1109/SCAM.2015.7335399},
   url = {http://dx.doi.org/10.1109/SCAM.2015.7335399},
   type = {Conference Proceedings}
}

@InProceedings{RN3254,
	author = 	 {Mohammed Sayagh and Zhen Dong and Artur Andrzejak and Bram Adams},
	title = 	 {Does the Choice of Configuration Framework Matter for Developers? Empirical Study on 11 Java Configuration Frameworks},
	booktitle = {Proceedings of the 17th IEEE International Working Conference on Source Code Analysis and Manipulation (SCAM)},
	year = 	 {2017},
	address = 	 {Shanghai, China},
	month = 	 {September},
	pages = {41-50},
}


@inproceedings{RN2758,
   author = {Sayagh, Mohammed and Kerzazi, Noureddine and Adams, Bram},
   title = {On cross-stack configuration errors},
   booktitle = {39th IEEE/ACM International Conference on Software Engineering, ICSE 2017, May 20, 2017 - May 28, 2017},
   series = {Proceedings - 2017 IEEE/ACM 39th International Conference on Software Engineering, ICSE 2017},
   publisher = {Institute of Electrical and Electronics Engineers Inc.},
   pages = {255-265},
   DOI = {10.1109/ICSE.2017.31},
   url = {http://dx.doi.org/10.1109/ICSE.2017.31
http://ieeexplore.ieee.org/document/7985667/},
   type = {Conference Proceedings}
}

@inproceedings{RN3144,
   author = {Sheng, Huang and Yanghua, Xiao and Yiqi, Lu and Wei, Wang and Yu, Wang},
   title = {XMLSnippet: A Coding Assistant for XML Configuration Snippet Recommendation},
   booktitle = {Proceedings of the 36th Annual Computer Software and Applications Conference},
   series = {COMPSAC'12},
   pages = {312--321},
}

@article{RN3046,
   author = {Souto, Sabrina and d'Amorim, Marcelo},
   title = {Time-space efficient regression testing for configurable systems},
   year = {2017},
}

@article{RN3252,
   author = {Tianyin, Xu and Yuanyuan, Zhou},
   title = {Systems approaches to tackling configuration errors: a survey},
   journal = {ACM Computing Surveys},
   volume = {47},
   number = {4},
   pages = {1--41},
   year = {2015},
}

@inproceedings{RN3531,
   author = {Wang, Rui and Wang, XiaoFeng and Zhang, Kehuan and Li, Zhuowei},
   title = {Towards automatic reverse engineering of software security configurations},
   booktitle = {Proceedings of the 15th Conference on Computer and Communications Security},
   pages = {245--255},
   year = {2008},
}

@inproceedings{RN2761,
   author = {Wen, Wei and Yu, Tingting and Hayes, Jane Huffman},
   title = {CoLUA: Automatically Predicting Configuration Bug Reports and Extracting Configuration Options},
   booktitle = {Proceedings of the 27th International Symposium on Software Reliability Engineering},
   pages = {150--161},
   year = {2016},
}

@inproceedings{RN3518,
   author = {Xi, Bowei and Liu, Zhen and Raghavachari, Mukund and Xia, Cathy H. and Zhang, Li},
   title = {A smart hill-climbing algorithm for application server configuration},
   booktitle = {Proceedings of the Thirteenth International World Wide Web Conference},
   pages = {287--296},
   year = {2004},
}

@inproceedings{RN2801,
   author = {Xia, Xin and Lo, David and Qiu, Weiwei and Wang, Xingen and Zhou, Bo},
   title = {Automated configuration bug report prediction using text mining},
   booktitle = {Proceedings of the 38th Annual IEEE Computer Software and Applications Conference},
   pages = {107--116},
	year = {2014},
}

@inproceedings{RN2781,
   author = {Xu, Tianyin and Jin, Long and Fan, Xuepeng and Zhou, Yuanyuan and Pasupathy, Shankar and Talwadker, Rukma},
   title = {Hey, you have given me too many knobs! : Understanding and dealing with over-designed configuration in system software},
   booktitle = {Proceedings of the 10th Joint Meeting of the European Software Engineering Conference and the ACM SIGSOFT Symposium on the Foundations of Software Engineering(ESEC/FSE'15)},
   pages = {307--319},
	 year = {2015},
}

@inproceedings{RN3250,
   author = {Xu, Tianyin and Zhang, Jiaqi and Huang, Peng and Zheng, Jing and Sheng, Tianwei and Yuan, Ding and Zhou, Yuanyuan and Pasupathy, Shankar},
   title = {Do not blame users for misconfigurations},
   booktitle = {Proceedings of the 24th Symposium on Operating Systems Principles},
   pages = {244--259},
   year = {2013},
}

@article{RN3535,
   author = {Yilmaz, Cemal and Cohen, Myra B and Porter, Adam A},
   title = {Covering arrays for efficient fault characterization in complex configuration spaces},
   journal = {IEEE Transactions on Software Engineering},
   volume = {32},
   number = {1},
   pages = {20--34},
   year = {2006},
   type = {Journal Article}
}

@inproceedings{RN3251,
   author = {Yin, Zuoning and Ma, Xiao and Zheng, Jing and Zhou, Yuanyuan and Bairavasundaram, Lakshmi N. and Pasupathy, Shankar},
   title = {An empirical study on configuration errors in commercial and open source systems},
   booktitle = {23rd ACM Symposium on Operating Systems Principles, SOSP 2011, October 23, 2011 - October 26, 2011},
   series = {SOSP'11 - Proceedings of the 23rd ACM Symposium on Operating Systems Principles},
   publisher = {Association for Computing Machinery},
   pages = {159-172},
   DOI = {10.1145/2043556.2043572},
   url = {http://dx.doi.org/10.1145/2043556.2043572},
   type = {Conference Proceedings}
}

@inproceedings{RN2839,
   author = {Zhang, Sai},
   title = {ConfDiagnoser: An automated configuration error diagnosis tool for Java software},
   booktitle = {Proceedings of the 35th International Conference on Software Engineering (ICSE'13)},
   pages = {1438--1440},
   year = {2013},
}

@inproceedings{RN2846,
   author = {Zhang, Sai and Ernst, Michael D.},
   title = {Automated diagnosis of software configuration errors},
   booktitle = {Proceedings of the 35th International Conference on Software Engineering (ICSE'13)},
   pages = {312--321},
   year = {2013},
}

@inproceedings{RN2777,
   author = {Zhang, Sai and Ernst, Michael D.},
   title = {Which configuration option should i change?},
   booktitle = {Proceedings of the 36th International Conference on Software Engineering (ICSE'14)},
   pages = {152--163},
	 year = {2014},
}

@inproceedings{RN2787,
   author = {Zhang, Sai and Ernst, Michael D.},
   title = {Proactive detection of inadequate diagnostic messages for software configuration errors},
   booktitle = {Proceedings of the 24th International Symposium on Software Testing and Analysis},
   pages = {12--23},
	 year = {2015},
}

@inproceedings{RN3516,
   author = {Zheng, Wei and Bianchini, Ricardo and Nguyen, Thu D.},
   title = {Automatic configuration of internet services},
   booktitle = {Proceedings of the 2nd European Conference on Computer Systems, EuroSys 2007},
   publisher = {Association for Computing Machinery},
   pages = {219--229},
}

@article{RN2885,
   author = {Ahmed, Bestoun S. and Abdulsamad, Taib Sh and Potrus, Moayad Y.},
   title = {Achievement of minimized combinatorial test suite for configuration-aware software functional testing using the Cuckoo Search algorithm},
   journal = {Information and Software Technology},
   volume = {66},
   pages = {13--29},
   year = {2015},
}

@inproceedings{RN3136,
   author = {Eshete, B. and Villafiorita, A. and Weldemariam, K. and Zulkernine, M.},
   title = {Confeagle: Automated analysis of configuration vulnerabilities in web applications},
   booktitle = {Proceedings of the 7th International Conference on Software Security and Reliability (SERE'13)},
   pages = {188--197},
	 year ={2013},
}

@inproceedings{RN2688,
   author = {Murakami, Yukikazu and Kagawa, Erina and Funabiki, Nobuo},
   title = {Automatic generation of configuration manuals for open-source software},
   booktitle = {Proceedings of the 5th International Conference on Complex, Intelligent and Software Intensive Systems},
   pages = {653--658},
	 year ={2011},
}

@inproceedings{RN2931,
   author = {Nitu},
   title = {Configurability in SaaS (software as a service) applications},
   booktitle = {Proceedings of the 2nd India Software Engineering Conference (ISEC'09)},
   pages = {19--26},
	 year ={2009},
}

@inproceedings{RN3186,
   author = {Otsuka, Hiroshi and Watanabe, Yukihiro and Matsumoto, Yasuhide},
   title = {Learning from before and after recovery to detect latent misconfiguration},
   booktitle = {Proceedings of the 39th International Conference of Computer Software and Applications},
   pages = {141--148},
   year ={2015},
}

@inproceedings{RN3063,
   author = {Perrouin, G. and Acher, M. and Davril, J. M. and Legay, A. and Heymans, P.},
   title = {A Complexity Tale: Web Configurators},
   booktitle = {Proceedings of the 1st International Workshop on Variability and Complexity in Software Design},
   pages = {28--31},
	 year ={2016},
}

@inproceedings{RN2713,
   author = {Qu, Xiao},
   title = {Configuration aware prioritization techniques in regression testing},
   booktitle = {Proceedings of the 31st International Conference on Software Engineering (ICSE'09)},
   pages = {375--378},
	 year ={2009},
}

@inproceedings{RN2855,
   author = {Souto, Sabrina and D'Amorim, Marcelo and Gheyi, Rohit},
   title = {Balancing Soundness and Efficiency for Practical Testing of Configurable Systems},
   booktitle = {Proceedings of the 39th International Conference on Software Engineering, ICSE'17, 2017},
   pages = {632--642},
   type = {Conference Proceedings},
}

@inproceedings{RN3020,
   author = {Sun, Lianshan and Huang, Gang and Sun, Yanchun and Song, Hui and Mei, Hong},
   title = {An approach for generation of J2EE access control configurations from requirements specification},
   booktitle = {8th International Conference on Quality Software, QSIC 2008, August 12, 2008 - August 13, 2008},
   series = {Proceedings - International Conference on Quality Software},
   publisher = {Inst. of Elec. and Elec. Eng. Computer Society},
   pages = {87-96},
   ISBN = {15506002},
   DOI = {10.1109/QSIC.2008.4},
   url = {http://dx.doi.org/10.1109/QSIC.2008.4
http://ieeexplore.ieee.org/document/4601531/},
   type = {Conference Proceedings}
}

@article{RN2783,
   author = {Utkin, S. B. and Batova, S. V. and Blagonravov, S. A. and Konovalov, P. V. and Zharinov, I. O.},
   title = {Automated construction of software configuration tables for real-time systems in avionics},
   journal = {Programming and Computer Software},
   volume = {41},
   number = {4},
   pages = {219-223},
   ISSN = {03617688},
   DOI = {10.1134/S0361768815040076},
   url = {http://dx.doi.org/10.1134/S0361768815040076
https://link.springer.com/content/pdf/10.1134\%2FS0361768815040076.pdf},
   year = {2015},
   type = {Journal Article}
}

@inproceedings{RN3203,
   author = {Xu, Xiangyang and Li, Shanshan and Guo, Yong and Dong, Wei and Li, Wang and Liao, Xiangke},
   title = {Automatic type inference for proactive misconfiguration prevention},
   booktitle = {Proceedings of the 29th International Conference on Software Engineering and Knowledge Engineering},
   pages = {295--300},
	 year={2017},
}

@inproceedings{RN3163,
	author = {Dong, Zhen and Ghanavati, Mohammadreza and Andrzejak, Artur},
	title = {Automated Diagnosis of Software Misconfigurations Based on Static Analysis},
	booktitle = {Proceedings of the International Symposium on Software Reliability Engineering Workshops (ISSREW'13)},
	pages = {162--168},
	year={2013},
}

@inproceedings{RN3532,
	author = {Ramachandran, Vinod and Gupta, Manish and Sethi, Manish and Chowdhury, Soudip Roy},
	title = {Determining configuration parameter dependencies via analysis of configuration data from multi-tiered enterprise applications},
	booktitle = {Proceedings of the 6th International Conference on Autonomic Computing, ICAC'09, June 15, 2009 - June 19, 2009},
	pages = {169--178},
	type = {2009},
}

@inproceedings{RN3539,
	title={Users beware: Preference inconsistencies ahead},
	author={Behrang, Farnaz and Cohen, Myra B and Orso, Alessandro},
	booktitle={Proceedings of the 10th Joint Meeting on Foundations of Software Engineering},
	pages={295--306},
	year={2015},
}

@article{RN2898,
	author = {Song, Charles and Porter, Adam and Foster, Jeffrey S.},
	title = {ITree: Efficiently discovering high-coverage configurations using interaction trees},
	journal = {IEEE Transactions on Software Engineering},
	volume = {40},
	number = {3},
	pages = {251-265},
	ISSN = {00985589},
	DOI = {10.1109/TSE.2013.55},
	url = {http://dx.doi.org/10.1109/TSE.2013.55},
	year = {2014},
	type = {Journal Article}
}

@inproceedings{RN3537,
	title={The deployer's problem: configuring application servers for performance and reliability},
	author={Raghavachari, Mukund and Reimer, Darrell and Johnson, Robert D},
	booktitle={Proceedings of the 25th international conference on Software engineering},
	pages={484--489},
	year={2003},
	organization={IEEE Computer Society}
}

@inproceedings{singh2016optimizing,
	title={Optimizing the performance-related configurations of object-relational mapping frameworks using a multi-objective genetic algorithm},
	author={Singh, Ravjot and Bezemer, Cor-Paul and Shang, Weiyi and Hassan, Ahmed E},
	booktitle={Proceedings of the 7th ACM/SPEC on International Conference on Performance Engineering},
	pages={309--320},
	year={2016},
	organization={ACM}
}

@inbook{RN3454,
	author = {Zhang, Y. and Guo, J. M. and Blais, E. and Czarnecki, K.},
	title = {Performance Prediction of Configurable Software Systems by Fourier Learning},
	booktitle = {Proceedings of the 30th International Conference on Automated Software Engineering},
	series = {ASE'15},
	pages = {365--373},
	year = {2015},
	type = {Book Section}
}

@inproceedings{RN3548,
	author = {Thonangi, Risi and Thummala, Vamsidhar and Babu, Shivnath},
	title = {Finding good configurations in high-dimensional spaces: Doing more with less},
	booktitle = {Modeling, Analysis and Simulation of Computers and Telecommunication Systems, 2008. MASCOTS 2008. IEEE International Symposium on},
	publisher = {IEEE},
	pages = {1-10},
	ISBN = {1424428173},
	type = {Conference Proceedings}
}

@inproceedings{RN3544,
	author = {Guo, Jianmei and Czarnecki, Krzysztof and Apely, Sven and Siegmundy, Norbert and Wasowski, Andrzej},
	title = {Variability-aware performance prediction: A statistical learning approach},
	booktitle = {Proceedings of the 28th International Conference on Automated Software Engineering},
	pages = {301--311},
}

@inproceedings{RN3545,
	author = {Lengauer, Philipp and MÃ¶ssenbÃ¶ck, Hanspeter},
	title = {The taming of the shrew: increasing performance by automatic parameter tuning for java garbage collectors},
	booktitle = {Proceedings of the 5th international conference on Performance engineering},
	pages = {111--122},
}

@inproceedings{RN3542,
	author = {Debnath, Biplob K and Lilja, David J and Mokbel, Mohamed F},
	title = {SARD: A statistical approach for ranking database tuning parameters},
	booktitle = {procedings of the 24th International Conference on Data Engineering Workshop},
	pages = {11--18},
	year={2008},
}

@inproceedings{RN3547,
	author = {Siegmund, Norbert and Kolesnikov, Sergiy S and KÃ¤stner, Christian and Apel, Sven and Batory, Don and RosenmÃ¼ller, Marko and Saake, Gunter},
	title = {Predicting performance via automated feature-interaction detection},
	booktitle = {Software Engineering (ICSE), 2012 34th International Conference on},
	publisher = {IEEE},
	pages = {167-177},
	ISBN = {1467310670},
	type = {Conference Proceedings}
}

@inproceedings{RN3546,
	author = {Osogami, Takayuki and Kato, Sei},
	title = {Optimizing system configurations quickly by guessing at the performance},
	booktitle = {Proceedings of the International Conference of Performance Evaluation Review},
	pages = {145--156},
	year = {2007},
}

@inproceedings{RN3549,
	author = {Zheng, Wei and Bianchini, Ricardo and Nguyen, Thu D},
	title = {Massconf: automatic configuration tuning by leveraging user community information},
	booktitle = {Proceedings of the International Conference of Software Engineering Notes},
	pages = {283--288},
	year = {2011},
}

@article{RN3543,
	author = {Diao, Yixin and Hellerstein, Joseph L and Parekh, Sujay and Bigus, Joseph P},
	title = {Managing Web server performance with AutoTune agents},
	journal = {IBM Systems Journal},
	volume = {42},
	number = {1},
	pages = {136--149},
	year = {2003},
}






















@article{hutter2009paramils,
	title={ParamILS: an automatic algorithm configuration framework},
	author={Hutter, Frank and Hoos, Holger H and Leyton-Brown, Kevin and St{\"u}tzle, Thomas},
	journal={Journal of Artificial Intelligence Research},
	volume={36},
	number={1},
	pages={267--306},
	year={2009}
}

@inproceedings{RN3551,
	author = {Gousios, Georgios and Karakoidas, Vassilios and Spinellis, Diomidis},
	title = {Tuning Java's memory manager for high performance server applications},
	booktitle = {Proceedings of the 5th International System Administration and Network Engineering Conference SANE},
	pages = {69--83},
}

@article{plackett1946design,
	title={The design of optimum multifactorial experiments},
	author={Plackett, Robin L and Burman, J Peter},
	journal={Biometrika},
	volume={33},
	number={4},
	pages={305--325},
	year={1946},
	publisher={JSTOR}
}


@inproceedings{RN3552,
	author = {Wang, Bo and Passos, Leonardo and Xiong, Yingfei and Czarnecki, Krzysztof and Zhao, Haiyan and Zhang, Wei},
	title = {Smartfixer: Fixing software configurations based on dynamic priorities},
	booktitle = {Proceedings of the 17th International Software Product Line Conference},
	publisher = {ACM},
	pages = {82-90},
	ISBN = {1450319688},
	type = {Conference Proceedings}
}


@inproceedings{RN3553,
	author = {Chen, Haifeng and Jiang, Guofei and Zhang, Hui and Yoshihira, Kenji},
	title = {Boosting the performance of computing systems through adaptive configuration tuning},
	booktitle = {Proceedings of the ACM symposium on Applied Computing},
	pages = {1045--1049},
	year ={2009},
}


@inproceedings{RN3528,
	author = {Whitaker, A. and Cox, R. S. and Gribble, S. D.},
	title = {Configuration debugging as search: finding the needle in the haystack},
	booktitle = {Proceedings of the Sixth Symposium on Operating Systems Design and Implementation},
	pages = {77--90},
	year ={2004},
}

@inproceedings{garvin2011using,
	title={Using feature locality: can we leverage history to avoid failures during reconfiguration?},
	author={Garvin, Brady J and Cohen, Myra B and Dwyer, Matthew B},
	booktitle={Proceedings of the 8th workshop on Assurances for self-adaptive systems},
	pages={24--33},
	year={2011},
}

@inproceedings{RN2889,
	author = {Swanson, Jacob and Cohen, Myra B. and Dwyer, Matthew B. and Garvin, Brady J. and Firestone, Justin},
	title = {Beyond the rainbow: Self-adaptive failure avoidance in configurable systems},
	booktitle = {22nd ACM SIGSOFT International Symposium on the Foundations of Software Engineering, FSE 2014, November 16, 2014 - November 21, 2014},
	series = {Proceedings of the ACM SIGSOFT Symposium on the Foundations of Software Engineering},
	publisher = {Association for Computing Machinery},
	volume = {16-21-November-2014},
	pages = {377-388},
	DOI = {10.1145/2635868.2635915},
	url = {http://dx.doi.org/10.1145/2635868.2635915},
	type = {Conference Proceedings}
}



@inproceedings{RN3555,
	author = {Toman, John and Grossman, Dan},
	title = {Staccato: A Bug Finder for Dynamic Configuration Updates},
	booktitle = {LIPIcs-Leibniz International Proceedings in Informatics},
	publisher = {Schloss Dagstuhl-Leibniz-Zentrum fuer Informatik},
	volume = {56},
	ISBN = {3959770146},
	type = {Conference Proceedings}
}

@inproceedings{RN3557,
	author = {Mickens, James and Szummer, Martin and Narayanan, Dushyanth},
	title = {Snitch: Interactive decision trees for troubleshooting misconfigurations},
	booktitle = {In Proceedings of the 2007 Workshop on Tackling Computer Systems Problems with Machine Learning Techniques},
	type = {Conference Proceedings}
}

@inproceedings{RN3558,
	author = {Yuan, Ding and Xie, Yinglian and Panigrahy, Rina and Yang, Junfeng and Verbowski, Chad and Kumar, Arunvijay},
	title = {Context-based online configuration-error detection},
	booktitle = {Proceedings of the 2011 USENIX conference on USENIX annual technical conference},
	publisher = {USENIX Association},
	pages = {28-28},
	type = {Conference Proceedings}
}

@inproceedings{RN3089,
	author = {Sarkar, A. and Jianmei, Guo and Siegmund, N. and Apel, S. and Czarnecki, K.},
	title = {Cost-efficient sampling for performance prediction of configurable systems (T)},
	booktitle = {2015 30th IEEE/ACM International Conference on Automated Software Engineering (ASE), 9-13 Nov. 2015},
	series = {2015 30th IEEE/ACM International Conference on Automated Software Engineering (ASE)},
	publisher = {IEEE Computer Society},
	pages = {342-52},
	DOI = {10.1109/ASE.2015.45},
	url = {http://dx.doi.org/10.1109/ASE.2015.45},
	type = {Conference Proceedings}
}

@inproceedings{RN3559,
	author = {Kiciman, Emre and Wang, Yi-Min},
	title = {Discovering correctness constraints for self-management of system configuration},
	booktitle = {Autonomic Computing, 2004. Proceedings. International Conference on},
	publisher = {IEEE},
	pages = {28-35},
	ISBN = {0769521142},
	type = {Conference Proceedings}
}

@inproceedings{RN3560,
	author = {Su, Ya-Yunn and Attariyan, Mona and Flinn, Jason},
	title = {AutoBash: improving configuration management with operating system causality analysis},
	booktitle = {ACM SIGOPS Operating Systems Review},
	publisher = {ACM},
	volume = {41},
	pages = {237-250},
	ISBN = {1595935916},
	type = {Conference Proceedings}
}

@inproceedings{RN3561,
	author = {Wang, Helen J and Platt, John C and Chen, Yu and Zhang, Ruyun and Wang, Yi-Min},
	title = {Automatic Misconfiguration Troubleshooting with PeerPressure},
	booktitle = {OSDI},
	volume = {4},
	pages = {245-257},
	type = {Conference Proceedings}
}

@article{RN3530,
	author = {Wang, Yi-Min and Verbowski, Chad and Dunagan, John and Chen, Yu and Wang, Helen J. and Yuan, Chun and Zhang, Zheng},
	title = {Strider: A black-box, state-based approach to change and configuration management and support},
	journal = {Science of Computer Programming},
	volume = {53},
	number = {2 SPEC. ISS.},
	pages = {143-164},
	ISSN = {01676423},
	DOI = {10.1016/j.scico.2003.12.009},
	url = {http://dx.doi.org/10.1016/j.scico.2003.12.009},
	year = {2004},
	type = {Journal Article}
}

@ARTICLE{RN4564473, 
author={M. B. Cohen and M. B. Dwyer and J. Shi}, 
journal={IEEE Transactions on Software Engineering}, 
title={Constructing Interaction Test Suites for Highly-Configurable Systems in the Presence of Constraints: A Greedy Approach}, 
year={2008}, 
volume={34}, 
number={5}, 
pages={633--650}, 
}


@misc{stackOverflowChallenge,
	title = {Configuration File},
	howpublished = {https://stackoverflow.com/questions/648246/at-what-point-does-a-config-file-become-a-programming-language}
}
	
@inproceedings{Cohen:2007,
 author = {Cohen, Myra B. and Dwyer, Matthew B. and Shi, Jiangfan},
 title = {Interaction Testing of Highly-configurable Systems in the Presence of Constraints},
 booktitle = {Proceedings of the 2007 International Symposium on Software Testing and Analysis},
 series = {ISSTA '07},
 year = {2007},
 isbn = {978-1-59593-734-6},
 location = {London, United Kingdom},
 pages = {129--139},
 numpages = {11},
 url = {http://doi.acm.org/10.1145/1273463.1273482},
 doi = {10.1145/1273463.1273482},
 acmid = {1273482},
 publisher = {ACM},
 address = {New York, NY, USA},
 keywords = {SAT, combinatorial interaction testing, constraints, covering arrays}
}

@INPROCEEDINGS{RN6227206, 
author={Y. Xiong and A. Hubaux and S. She and K. Czarnecki}, 
booktitle={2012 34th International Conference on Software Engineering (ICSE)}, 
title={Generating range fixes for software configuration}, 
year={2012}, 
volume={}, 
number={}, 
pages={58-68}, 
keywords={configuration management;arithmetic operator;constraint interaction;fix-generation approach;inequality operator;nonBoolean constraint;range fixes;software configuration;string operator;Algorithm design and analysis;Concrete;Linux;Navigation;Reactive power;Semantics;Software},
doi={10.1109/ICSE.2012.6227206}, 
ISSN={0270-5257}, 
month={June},}

@ARTICLE{RN6991616, 
author={Y. Xiong and H. Zhang and A. Hubaux and S. She and J. Wang and K. Czarnecki}, 
journal={IEEE Transactions on Software Engineering}, 
title={Range Fixes: Interactive Error Resolution for Software Configuration}, 
year={2015}, 
volume={41}, 
number={6}, 
pages={603-619}, 
keywords={constraint handling;software engineering;constraint interaction handling;fix-generation approaches;interactive error resolution;open source projects;range fixes;software configuration;Biological system modeling;Concrete;Kernel;Linux;Navigation;Reactive power;Consistency Management;Consistency management;Error Resolution;Range Fix;Software Configuration;error resolution;range fix;software configuration}, 
doi={10.1109/TSE.2014.2383381}, 
ISSN={0098-5589}, 
month={June},}


@inproceedings{medeiros2016comparison,
  title={A comparison of 10 sampling algorithms for configurable systems},
  author={Medeiros, Fl{\'a}vio and K{\"a}stner, Christian and Ribeiro, M{\'a}rcio and Gheyi, Rohit and Apel, Sven},
  booktitle={Proceedings of the 38th International Conference on Software Engineering},
  pages={643--654},
  year={2016},
  organization={ACM}
}


%% 10 - motivation
@Misc{Johnson:2010,
	Title     = {More details on today's outage},
	Author    = {R. Johnson},
	HowPublished = {MathWorld--A Wolfram Web Resource},
	Month     = {September},
	Note      = {https://www.facebook.com/notes/facebook-engineering/more-details-on-todays-outage/431441338919/},
	Year      = {2010},
}

@Misc{Surveys,
	Title = {Study about surveys},
	HowPublished = {https://www.checkmarket.com/blog/survey-invitations-best-time-send/}
}


%% 6
@InProceedings{GhTorrent,
	Title    = {The GHTorrent dataset and tool suite},
	Author   = {Gousios, Georgios},
	Booktitle= {Proceedings of the 10th Working Conference on Mining Software Repositories},
	Year     = {2013},
	Pages    = {233--236},
}

%% 22 - Motivation
@Misc{Welsh:2010,
	Title  = {What I Wish Systems Researchers Would Work On},
	Author = {M. Welsh},
	HowPublished = {},
	Month  = {May},
	Note   = {http://matt-welsh.blogspot.ca/2013/05/what-i-wish-systems-researchers-would.html},
	Year   = {2013}
}


@misc{interviewCardSort,
	title = {Interview Card Sort},
	howpublished = {http://.polymtl.ca/{\textasciitilde}msayagh/TSE/CardSort/}
}


@misc{SurveyLink,
	title = {Survey Questionnaire},
	howpublished = {https://goo.gl/forms/cR7CkPgxcXxaddC12}
}

@misc{originalInterview,
	title = {Original Questions Ideas of the Interview},
	howpublished = {http://mcis.polymtl.ca/{\textasciitilde}msayagh/TSE/Interviews/}
}

@Misc{SLR,
	Title = {EndNote package of our SLR},
	howpublished = {http://mcis.polymtl.ca/{\textasciitilde}msayagh/TSE/SLR/}
}

@Misc{surveyAnswers,
	Title = {Survey Answers},
	howpublished = {http://mcis.polymtl.ca/{\textasciitilde}msayagh/TSE/survey/}
}

@Misc{data,
	Title = {Data:},
	howpublished = {http://mcis.polymtl.ca/{\textasciitilde}msayagh/TSE/}
}


@Misc{bestPracticesCardSort,
	Title = {Card Sort of Surveyed Experts Recommendations},
	howpublished = {http://mcis.polymtl.ca/{\textasciitilde}msayagh/TSE/survey/BestPracticesCardSort.html}
}

@Misc{challengesCardSort,
	Title = {Card Sort of Surveyed Experts Challenges},
	howpublished = {http://mcis.polymtl.ca/{\textasciitilde}msayagh/TSE/survey/ChallengesCardSort.html}
}

%% 18 - Metho
@Article{Rugg:2005,
	Title     = {The sorting techniques: a tutorial paper on card sorts, picture sorts and item sorts},
	Author    = {Rugg,G and McGeorge,P},
	Journal   = {Expert Systems},
	Year      = {2008},
	Number    = {3},
	Pages     = {94--107},
	Volume    = {22},
	Issue_date = {2005},
	Numpages  = {12},
}

@incollection{keele2007guidelines,
	title={Guidelines for performing systematic literature reviews in software engineering},
	author={Keele, Staffs and others},
	booktitle={Technical report, Ver. 2.3 EBSE Technical Report. EBSE},
	year={2007},
	publisher={sn}
}

@Misc{GithubApi,
	Title = {Github API},
	HowPublished = {https://developer.github.com/v3/}
}

@inproceedings{berger10,
 author = {Berger, Thorsten and She, Steven and Lotufo, Rafael and W\k{a}sowski, Andrzej and Czarnecki, Krzysztof},
 title = {Variability Modeling in the Real: A Perspective from the Operating Systems Domain},
 booktitle = {Proceedings of the International Conference on Automated Software Engineering},
 year = {2010},
 pages = {73--82},
} 

@book{mcconnell2009code,
	title={Code Complete},
	author={McConnell, S.},
	isbn={9780735636972},
	series={DV-Professional},
	url={https://books.google.ca/books?id=3JfE7TGUwvgC},
	year={2009},
	publisher={Microsoft Press}
}


@inproceedings{paperlaleh,
	author    = {Laleh Mousavi Eshkevari and 	Giuliano Antoniol and 	James R. Cordy and 	Massimiliano Di Penta},
	title     = {Identifying and locating interference issues in {PHP} applications:the case of WordPress},
	booktitle = {Proceding of the 22nd International Conference on Program Comprehension},
	pages     = {157--167},
	year      = {2014},
}

@book{Sommerville:2010:SE:1841764,
	author = {Sommerville, Ian},
	title = {Software Engineering},
	year = {2010},
	publisher = {Addison-Wesley Publishing Company},
	address = {USA},
} 

@Misc{AmazonError,
	Title = {Amazon Misconfiguration},
	howpublished = {https://www.pcworld.com/article/ 226033/thanks\_amazon\_for\_making\_possible\_much\_of\_the\_internet. html}
}

@Misc{financial,
Title = {Configuration Error},
howpublished = {https://dougseven.com/2014/04/17/knightmare-a-devops-cautionary-tale/
},
}




@Misc{firefox,
	title = 	 {Firefox},
	howpublished = {https://www.mozilla.org/en-US/firefox/},
}



@Misc{hdfs,
	title = 	 {HDFS},
	howpublished = {https://hadoop.apache.org/docs/current1/hdfs\_user\_guide.html},
}



@Misc{yarn,
	title = 	 {Yarn},
	howpublished = {https://hadoop.apache.org/docs/current/hadoop-yarn/hadoop-yarn-site/YARN.html},
}



@Misc{hadoop,
	title = 	 {Hadoop},
	howpublished = {https://hadoop.apache.org/docs/current/index.html},
}



@Misc{spark,
	title = 	 {Spark},
	howpublished = {https://spark.apache.org/},
}



@Misc{mapreduce,
	title = 	 {MapReduce},
	howpublished = {https://www.ibm.com/analytics/hadoop/mapreduce},
}



@Misc{mysql,
	title = 	 {MySQL},
	howpublished = {https://www.mysql.com/},
}



@Misc{cassandra,
	title = 	 {Cassandra},
	howpublished = {http://cassandra.apache.org/},
}

@article{cer2018universal,
  title={Universal sentence encoder},
  author={Cer, Daniel and Yang, Yinfei and Kong, Sheng-yi and Hua, Nan and Limtiaco, Nicole and John, Rhomni St and Constant, Noah and Guajardo-Cespedes, Mario and Yuan, Steve and Tar, Chris and others},
  journal={arXiv preprint arXiv:1803.11175},
  year={2018}
}

@ARTICLE{tse, 
author={M. Sayagh and N. Kerzazi and B. Adams and F. Petrillo}, 
journal={IEEE Transactions on Software Engineering}, 
title={Software Configuration Engineering in Practice: Interviews, Survey, and Systematic Literature Review}, 
year={2018}, 
volume={}, 
number={}, 
keywords={Software systems;Interviews;Systematics;Facebook;Bibliographies;Software algorithms}, 
doi={10.1109/TSE.2018.2867847}, 
ISSN={0098-5589}, 
month={},}

@inproceedings{iyyer2015deep,
  title={Deep unordered composition rivals syntactic methods for text classification},
  author={Iyyer, Mohit and Manjunatha, Varun and Boyd-Graber, Jordan and Daum{\'e} III, Hal},
  booktitle={Proceedings of the 53rd Annual Meeting of the Association for Computational Linguistics and the 7th International Joint Conference on Natural Language Processing (Volume 1: Long Papers)},
  volume={1},
  pages={1681--1691},
  year={2015}
}

@article{jin2014improving,
  title={Improving Preference Recommendation and Customization in Real World Highly Configurable Software Systems},
  author={Jin, Dongpu},
  year={2014}
}

@Misc{use_notebook,
	title = 	 {Google Universal Sentence Encoder Notebook},
	url = {https://colab.research.google.com/github/tensorflow/hub/blob/master/ examples/colab/semantic\_similarity\_with\_tf\_hub\_universal\_encoder. ipynb},
}


@Misc{use_model,
	title = 	 {Universal Sentence Encoder Model},
	howpublished = {https://tfhub.dev/google/universal-sentence-encoder-large/3},
}


@Misc{dataSE,
	title = 	 {StackExchange},
	howpublished = {https://data.stackexchange.com/stackoverflow/query/new},
}

@Misc{wordnet,
	title = 	 {WordNet},
	howpublished = {https://wordnet.princeton.edu/},
}

@Misc{preffinder_dic,
	title = 	 {Preffinder Dictionary},
	howpublished = {https://cse.unl.edu/~myra/artifacts/PrefFinder_2014/dictionaries/dict.txt},
}


@Misc{preffinder_pref,
	title = 	 {Preffinder Prefixes},
	howpublished = {https://cse.unl.edu/~myra/artifacts/PrefFinder_2014/dictionaries/prefixes.txt},
}


@Misc{preffinder_suf,
	title = 	 {Preffinder Suffixes},
	howpublished = {https://cse.unl.edu/~myra/artifacts/PrefFinder_2014/dictionaries/suffixes.txt},
}


@Misc{preffinder_tec,
	title = 	 {Preffinder Technical Dictinnary},
	howpublished = {https://cse.unl.edu/~myra/artifacts/PrefFinder_2014/dictionaries/cs_abbr.txt},
}


@Misc{sklearntfidf,
	title = 	 {Sklearn Tf-idf},
	howpublished = {https://scikit-learn.org/stable/modules/generated/sklearn. feature\_extraction.text.TfidfTransformer.html},
}


@Misc{stemmer,
	title = 	 {Stemmer},
	howpublished = {https://www.nltk.org/api/nltk.stem.html},
}

@Misc{stpwords,
	title = 	 {Stop Words},
	howpublished = {https://scikit-learn.org/stable/modules/generated/sklearn.feature_extraction.text.CountVectorizer.html},
}

@article{andrzejaksoftware,
  title={Software Configuration Diagnosis--A Survey of Existing Methods and Open Challenges},
  author={Andrzejak, Artur and Friedrich, Gerhard and Wotawa, Franz}
}



@Misc{stackExchange,
	title = 	 {StackExchange data explorer},
	howpublished = {https://data.stackexchange.com/stack overflow/query/new},
}


@InProceedings{scam15a,
  author = 	 {Vincent Boisselle and Bram Adams},
  title = 	 {The Impact of Cross-Distribution Bug Duplicates, Empirical Study on Debian and Ubuntu},
  booktitle = {Proceedings of the 15th IEEE International Working Conference on Source Code Analysis and Manipulation (SCAM)},
  year = 	 {2015},
  address = 	 {Bremen, Germany},
  month = 	 {September},
pages = {131--140},
}

@phdthesis{hiew2006assisted,
  title={Assisted detection of duplicate bug reports},
  author={Hiew, Lyndon},
  year={2006},
  school={University of British Columbia}
}

@inproceedings{jalbert2008automated,
  title={Automated duplicate detection for bug tracking systems},
  author={Jalbert, Nicholas and Weimer, Westley},
  booktitle={2008 IEEE International Conference on Dependable Systems and Networks With FTCS and DCC (DSN)},
  pages={52--61},
  year={2008},
  organization={IEEE}
}

@inproceedings{Prifti:2011:DBD:2020390.2020398,
 author = {Prifti, Tomi and Banerjee, Sean and Cukic, Bojan},
 title = {Detecting Bug Duplicate Reports Through Local References},
 booktitle = {Proceedings of the 7th International Conference on Predictive Models in Software Engineering},
 series = {Promise '11},
 year = {2011},
 isbn = {978-1-4503-0709-3},
 location = {Banff, Alberta, Canada},
 pages = {8:1--8:9},
 articleno = {8},
 numpages = {9},
 url = {http://doi.acm.org/10.1145/2020390.2020398},
 doi = {10.1145/2020390.2020398},
 acmid = {2020398},
 publisher = {ACM},
 address = {New York, NY, USA},
 keywords = {bug tacking systems, duplicate bug reports, software maintenance, software quality},
} 




@Misc{stackexchangepopularities,
	title = 	 {StackExchange Websites},
	howpublished = {https://stackexchange.com/sites},
}

@misc{Ckmeans138:online,
author = {},
title = {Ckmeans.1d.dp function | R Documentation},
howpublished = {\url{https://www.rdocumentation.org/packages/Ckmeans.1d.dp/versions/3.4.0-1/topics/Ckmeans.1d.dp}},
month = {},
year = {},
note = {(Accessed on 01/02/2020)}
}

@article{DBLP:journals/tse/Tantithamthavorn17,
  author    = {Chakkrit Tantithamthavorn and
               Shane McIntosh and
               Ahmed E. Hassan and
               Kenichi Matsumoto},
  title     = {An Empirical Comparison of Model Validation Techniques for Defect
               Prediction Models},
  journal   = {{IEEE} Trans. Software Eng.},
  volume    = {43},
  number    = {1},
  pages     = {1--18},
  year      = {2017},
  url       = {https://doi.org/10.1109/TSE.2016.2584050},
  doi       = {10.1109/TSE.2016.2584050},
  timestamp = {Fri, 09 Jun 2017 11:03:34 +0200},
  biburl    = {https://dblp.org/rec/journals/tse/Tantithamthavorn17.bib},
  bibsource = {dblp computer science bibliography, https://dblp.org}
}

@article{DBLP:journals/tosem/LiJLHHHZWC20,
  author    = {Yangguang Li and
               Zhen Ming (Jack) Jiang and
               Heng Li and
               Ahmed E. Hassan and
               Cheng He and
               Ruirui Huang and
               Zhengda Zeng and
               Mian Wang and
               Pinan Chen},
  title     = {Predicting Node Failures in an Ultra-Large-Scale Cloud Computing Platform:
               An AIOps Solution},
  journal   = {{ACM} Trans. Softw. Eng. Methodol.},
  volume    = {29},
  number    = {2},
  pages     = {13:1--13:24},
  year      = {2020},
  url       = {https://doi.org/10.1145/3385187},
  doi       = {10.1145/3385187},
  timestamp = {Fri, 08 May 2020 16:11:36 +0200},
  biburl    = {https://dblp.org/rec/journals/tosem/LiJLHHHZWC20.bib},
  bibsource = {dblp computer science bibliography, https://dblp.org}
}

@article{breiman2001random,
	title={Random forests},
	author={Breiman, Leo},
	journal={Machine learning},
	volume={45},
	number={1},
	pages={5--32},
	year={2001},
	publisher={Springer}
}

@article{liaw2002classification,
	title={Classification and Regression by randomForest},
	author={Liaw, Andy and Wiener, Matthew},
	journal={R news},
	volume={2},
	number={3},
	pages={18--22},
	year={2002}
}

@misc{breiman2002manual,
	title={Manual on setting up, using, and understanding random forests v3.1},
	author={Breiman, Leo},
	howpublished = {\url{http://oz. berkeley. edu/users/breiman/Using\_random\_forests\_V3}},
	year={2002}
}

@inproceedings{ghotra2015revisiting,
	author = {Ghotra, Baljinder and McIntosh, Shane and Hassan, Ahmed E.},
	title = {Revisiting the Impact of Classification Techniques on the Performance of Defect Prediction Models},
	booktitle = {Proceedings of the 37th International Conference on Software Engineering - Volume 1},
	series = {ICSE '15},
	year = {2015},
	isbn = {978-1-4799-1934-5},
	location = {Florence, Italy},
	pages = {789--800},
	numpages = {12},
	url = {},
	acmid = {2818850},
} 

@article{DBLP:journals/ese/LiSZH17,
  author    = {Heng Li and
               Weiyi Shang and
               Ying Zou and
               Ahmed E. Hassan},
  title     = {Towards just-in-time suggestions for log changes},
  journal   = {Empirical Software Engineering},
  volume    = {22},
  number    = {4},
  pages     = {1831--1865},
  year      = {2017},
  url       = {https://doi.org/10.1007/s10664-016-9467-z},
  doi       = {10.1007/s10664-016-9467-z},
  timestamp = {Wed, 10 Apr 2019 14:04:12 +0200},
  biburl    = {https://dblp.org/rec/journals/ese/LiSZH17.bib},
  bibsource = {dblp computer science bibliography, https://dblp.org}
}

@inproceedings{ramos2003using,
  title={Using tf-idf to determine word relevance in document queries},
  author={Ramos, Juan and others},
  booktitle={Proceedings of the first instructional conference on machine learning},
  volume={242},
  pages={133--142},
  year={2003},
  organization={Piscataway, NJ}
}

@article{wold1987principal,
  title={Principal component analysis},
  author={Wold, Svante and Esbensen, Kim and Geladi, Paul},
  journal={Chemometrics and intelligent laboratory systems},
  volume={2},
  number={1-3},
  pages={37--52},
  year={1987},
  publisher={Elsevier}
}

@InProceedings{Mikolov:2013:DRW:2999792.2999959,
author    = {Mikolov, Tomas and Sutskever, Ilya and Chen, Kai and Corrado, Greg
and Dean, Jeffrey},
booktitle = {Proceedings of the 26th International Conference on Neural
Information Processing Systems - Volume 2},
title     = {Distributed Representations of Words and Phrases and Their
Compositionality},
  location  = {Lake Tahoe, Nevada},
  pages     = {3111--3119},
  publisher = {Curran Associates Inc.},
  series    = {NIPS'13},
  url       = {http://dl.acm.org/citation.cfm?id=2999792.2999959},
  acmid     = {2999959},
  address   = {USA},
  numpages  = {9},
  year      = {2013},
}

@InProceedings{Mikolov2013,
  author    = {Tomas Mikolov and Kai Chen and Greg Corrado and Jeffrey Dean},
booktitle = {1st International Conference on Learning Representations, {ICLR}
2013, Scottsdale, Arizona, USA, May 2-4, 2013, Workshop Track Proceedings},
  title     = {Efficient Estimation of Word Representations in Vector Space},
  editor    = {Yoshua Bengio and Yann LeCun},
  url       = {http://arxiv.org/abs/1301.3781},
  bibsource = {dblp computer science bibliography, https://dblp.org},
  biburl    = {https://dblp.org/rec/bib/journals/corr/abs-1301-3781},
  year      = {2013},
}

@article{weyuker2000experience,
  title={Experience with performance testing of software systems: issues, an approach, and case study},
  author={Weyuker, Elaine J and Vokolos, Filippos I},
  journal={IEEE transactions on software engineering},
  volume={26},
  number={12},
  pages={1147--1156},
  year={2000},
  publisher={IEEE}
}

@book{hosmer2013applied,
  title={Applied logistic regression},
  author={Hosmer Jr, David W and Lemeshow, Stanley and Sturdivant, Rodney X},
  volume={398},
  year={2013},
  publisher={John Wiley \& Sons}
}

@inproceedings{chen2016xgboost,
  title={Xgboost: A scalable tree boosting system},
  author={Chen, Tianqi and Guestrin, Carlos},
  booktitle={Proceedings of the 22nd {ACM} {SIGKDD} international conference on knowledge discovery and data mining},
  pages={785--794},
  year={2016}
}


@Article{Liao2020LogPerfReg,
  author  = {Lizhi Liao and Jinfu Chen and Heng Li and Yi Zeng and Weiyi Shang and Jianmei Guo and Catalin Sporea and Andrei Toma and Sarah Sajedi},
  journal = {Empirical Software Engineering},
  title   = {Using Black-Box Performance Models to Detect Performance Regressions under Varying Workloads: An Empirical Study},
  year    = {2020},
  note    = {Accepted},
  groups  = {Heng Li},
}

@article{tantithamthavorn2018impact,
  title={The impact of class rebalancing techniques on the performance and interpretation of defect prediction models},
  author={Tantithamthavorn, Chakkrit and Hassan, Ahmed E and Matsumoto, Kenichi},
  journal={IEEE Transactions on Software Engineering},
  year={2018},
  publisher={IEEE}
}

@inproceedings{shang2015automated,
  title={Automated detection of performance regressions using regression models on clustered performance counters},
  author={Shang, Weiyi and Hassan, Ahmed E and Nasser, Mohamed and Flora, Parminder},
  booktitle={Proceedings of the 6th ACM/SPEC International Conference on Performance Engineering},
  pages={15--26},
  year={2015}
}

@article{scott1974cluster,
  title={A cluster analysis method for grouping means in the analysis of variance},
  author={Scott, Andrew Jhon and Knott, M},
  journal={Biometrics},
  pages={507--512},
  year={1974},
  publisher={JSTOR}
}

@inproceedings{tantithamthavorn18experience,
  title={An experience report on defect modelling in practice: Pitfalls and challenges},
  author={Tantithamthavorn, Chakkrit and Hassan, Ahmed E},
  booktitle={Proceedings of the 40th International Conference on Software Engineering: Software Engineering in Practice},
  pages={286--295},
  year={2018},
  organization={ACM}
}

@inproceedings{LiAutoConfig, author = {Li, Heng and Chen, Tse-Hsun (Peter) and Hassan, Ahmed E. and Nasser, Mohamed and Flora, Parminder}, title = {Adopting Autonomic Computing Capabilities in Existing Large-Scale Systems: An Industrial Experience Report}, year = {2018}, booktitle = {Proceedings of the 40th International Conference on Software Engineering: Software Engineering in Practice}, pages = {1–10}, series = {ICSE-SEIP '18} }

@article{DBLP:journals/ese/LiCSH18,
  author    = {Heng Li and
               Tse{-}Hsun (Peter) Chen and
               Weiyi Shang and
               Ahmed E. Hassan},
  title     = {Studying software logging using topic models},
  journal   = {Empir. Softw. Eng.},
  volume    = {23},
  number    = {5},
  pages     = {2655--2694},
  year      = {2018},
}